<?xml version="1.0" encoding="UTF-8"?><collection xmlns="http://www.loc.gov/MARC21/slim"><record><leader>00425nam--2200145-i-4500</leader><controlfield tag="001">000021822</controlfield><controlfield tag="002">20161230</controlfield><controlfield tag="005">20170127211114</controlfield><controlfield tag="008">060222s1000------------r-----000-0-eng-d</controlfield><datafield ind1=" " ind2=" " tag="100"><subfield code="a">Evans, Ulick R</subfield></datafield><datafield ind1=" " ind2=" " tag="245"><subfield code="a">The corrosion and oxydation of metals: scientific principles and practical applications</subfield></datafield><datafield ind1=" " ind2=" " tag="260"><subfield code="a">London</subfield><subfield code="b">Edward Arnold Publ.Ltd</subfield><subfield code="c">1960</subfield></datafield><datafield ind1=" " ind2=" " tag="300"><subfield code="a">XI + 1094 p</subfield></datafield><datafield ind1=" " ind2=" " tag="852"><subfield code="a">10549</subfield></datafield><datafield ind1=" " ind2=" " tag="CAT"><subfield code="a">SYS</subfield><subfield code="c">20170127</subfield><subfield code="h">211114</subfield></datafield></record></collection>